
@article{segal,
    author = "Shai Segal and Pini Gurfil and Kamran Shahid",
    title = "In-Orbit Tracking of Resident Space Objects: A Comparison of Monocular and Stereoscopic Vision",
    journal = "IEEE Transactions on Aerospace and Electronic Systems",
    volume = "50",
    pages = "676--688",
    month = jan,
    year = "2014"
}

@article{wanschitz,
    author = "Felix Wanschitz and Wolfgang Birkfellner and Michael Figl and Sanda Patruta and Arne Wagner and Franz Watzinger and Kaan Yerit and Kurt Schicho and Rudolf Hanel and Franz Kainberger and Herwig Imhof and H. Bergmann and Rolf Ewers",
    title = "Computer-enhanced stereoscopic vision in a head-mounted display for oral implant surgery",
    journal = "Clinical Oral Implants Research",
    volume = "13",
    number = "6",
    pages = "610--616",
    year = "2002",
    DOI = ""
}

@article{westheimer,
    author = "Gerald Westheimer",
    title = "Three-dimensional displays and stereo vision",
    journal = "Proceedings of the Royal Society B",
    volume = "278",
    pages = "2241--2248",
    month = apr,
    year = "2011"
}

@article{munz,
    author = "Y. Munz and K. Moorthy and A. Dosis and J. D. Hernandez and S. Bann and F. Bello and S. Martin and A. Darzi and T. Rockall",
    title = "The benefits of stereoscopic vision in robotic-assisted performance on bench models",
    journal = "Surgical Endoscopy",
    volume = "18",
    pages = "611--616",
    month = feb,
    year = "2004"
}

@article{sanfourche,
    author = "M. Sanfourche and J. Delaune and G. Le Besnerais and H. de Plinval and J. Israel and Ph. Cornic and A. Treil and Y. Watanabe and A. Plyer",
    title = "Perception for UAV: Vision-Based Navigation and Environment Modeling",
    journal = "Aerospace Lab",
    volume = "4",
    pages = "AL04-04:1--AL04-04:19",
    month = may,
    year = "2012"
}

@article{held,
    author = "Robert T. Held and Tiffany T. Hui",
    title = "A Guide to Stereoscopic 3D Displays in Medicine",
    journal = "Academic Radiology",
    volume = "18",
    number = "8",
    pages = "1035--1048",
    month = aug,
    year = "2011"
}

@article{pollock,
    author = "Brice Pollock and Mellisa Burton and Jonathan W. Kelly and Stephen Gilbert and Eliot Winer",
    title = "The Right View from the Wrong Location: Depth Perception in Stereoscopic Multi-User Virtual Environments",
    journal = "IEEE Transactions on Visualization and Computer Graphics",
    volume = "18",
    number = "4",
    pages = "581--588",
    month = apr,
    year = "2012"
}

@article{chowdhary,
    author = "G. Chowdhary and E. Johnson and D. Magree and A. Wu and A. Shein",
    title = "GPS-Denied Indoor and Outdoor Monocular Vision Aided Navigation and Control of Unmanned Aircraft",
    journal = "Journal of Field Robotics",
    month = jan,
    year = "2013"
}

@article{bryant,
    author = "John Bryant and Jason Bay",
    title = "Stereoscopic Technologies and Effects ",
    journal = "IEEE Computer Society",
    month = aug,
    year = "2011"
}

@article{naquet,
    author = "Michel Vidal-Naquet and Sergei Gepshtein",
    title = "Spatially invariant computations in stereoscopic vision ",
    journal = "Frontiers in computational neuroscience",
    volume = "6",
    number = "47",
    pages = "1--2",
    month = jul,
    year = "2012"}
    

