
@article{segal,
    author = "Shai Segal and Pini Gurfil and Kamran Shahid",
    title = "In-Orbit Tracking of Resident Space Objects: A Comparison of Monocular and Stereoscopic Vision",
    journal = "IEEE Transactions on Aerospace and Electronic Systems",
    volume = "50",
    pages = "676--688",
    month = jan,
    year = "2014"
}

@article{wanschitz,
    author = "Felix Wanschitz and Wolfgang Birkfellner and Michael Figl and Sanda Patruta and Arne Wagner and Franz Watzinger and Kaan Yerit and Kurt Schicho and Rudolf Hanel and Franz Kainberger and Herwig Imhof and H. Bergmann and Rolf Ewers",
    title = "Computer-enhanced stereoscopic vision in a head-mounted display for oral implant surgery",
    journal = "Clinical Oral Implants Research",
    volume = "13",
    number = "",
    pages = "610--616",
    year = "2002",
    DOI = ""
}

@article{westheimer,
    author = "Gerald Westheimer"
    title = "Three-dimensional displays and stereo vision"
    journal = "Proceedings of the Royal Society B",
    volume = "278",
    pages = "2241--2248",
    month = apr,
    year = "2011"
}

